%
% bibliografia exemplo
% UFRGS TeX Users Group
% $Id: exemplo.bib,v 4.1 2001/11/29 13:55:44 avila Exp $
%

%
% common addresses
%
@string{add:poa = "Porto Alegre"}
@string{add:cx = "Caxias do Sul"}
%
% common publishers
%
@string{pub:sbc = "SBC"}
%
% common others
%
@string{org:sbc = "Sociedade Brasileira de Computação"}
@string{ins:ii = "Instituto de Informática"}
@string{sch:ufrgs = "Universidade Federal do Rio Grande do Sul"}
@string{sch:ucs = "Universidade de Caxias do Sul"}


@book{Buyya:1999,
	author = "Rajkumar Buyya",
	title = "{H}igh {P}erformance {C}luster {C}omputing: {A}rchitectures and {S}ystems",
	publisher = "Prentice Hall",
	year = 1999,
	booktitle = "{H}igh {P}erformance {C}luster {C}omputing: {A}rchitectures and {S}ystems",
}

@article{Foster:2001,
    author = "FOSTER, I. and KESSELMAN, C. and TUECKE, S.",
    title = "{T}he {A}natomy of the {G}rid: {E}nabling {S}calable {V}irtual {O}rganizations",
    journal = "The International Journal of High Performance Computing Applications",
    volume = 15,
    number = "3",
    year = 2001,
    pages = "220-222",
    editor = "",
    publisher = "",
    address = "",
    www = "",
}

@article{Sottrup:2005,
    author = "Christian Ulrik and Jakob Gregor Pedersen",
    title = "{D}eveloping {D}istributed {C}omputing {S}olutions {C}ombining {G}rid {C}omputing and {P}ublic {C}omputing",
    journal = "",
    volume = 1,
    number = "1",
    year = 2005,
    pages = "1-6",
    editor = "",
    publisher = "",
    address = "",
    www = "http://www.fatbat.dk/thesis/boincThesis.pdf",
}

@article{Anderson:2004,
    author = "David P. Anderson",
    title = "{P}ublic {C}omputing: {R}econnecting {P}eople to {S}cience",
    journal = "",
    volume = 1,
    number = "1",
    month = "march",
    year = 2004,
    pages = "1-6",
    editor = "",
    publisher = "",
    address = "",
    www = "http://boinc.berkeley.edu/boinc2.pdf",
}

@article{Anderson:2003,
    author = "David P. Anderson",
    title = "{BOINC}: {A} {S}ystem for {P}ublic-{R}esource {C}omputing and {S}torage",
    journal = "",
    volume = 1,
    number = "1",
    month = sep # "/" # nov,
    year = 2003,
    pages = "1-7",
    editor = "",
    publisher = "",
    address = "",
    www = "http://boinc.berkeley.edu/grid_paper_04.pdf",
}

@article{Anderson:2002,
    author = "David P. Anderson and Jeff Cobb and Eric Korpela and Matt Lebofsky and Dan Werthimer",
    title = "{SETI@HOME} {A}n {E}xperiment in {P}ublic-{R}esource {C}omputing",
    journal = "Communications of the ACM",
    volume = 45,
    number = "11",
    month = "november",
    year = 2002,
    pages = "56-61",
    editor = "",
    publisher = "",
    address = "",
    www = "http://portal.acm.org/ft_gateway.cfm?id=581573&type=pdf",
}

@article{Korpela:2001,
    author = "Dan Werthimer and Jeff Cobb and Matt Lebofsky and David P. Anderson and Eric Korpela",
    title = "{SETI@HOME} {M}assively {D}istributed {C}omputing for {SETI}",
    journal = "Comput. Sci. Eng.",
    volume = 3,
    number = "1",
    year = 2001,
    pages = "78-83",
    editor = "",
    publisher = "IEEE Computer Society",
    address = "Washington, DC, USA",
}

@MastersThesis{Karina:2004,
  author =       "Karina Cristina da Mota Dall Agno",
  title =        "{U}m {S}oftware para {S}istematização da {P}rocura de {P}adrões em {S}eqüências usando {W}avelets",
  school =  "Universidade de Caxias do Sul",
  year =         "2004",
  OPTkey =       "",
  type =         "Trabalho de Conclusão (Curso de Ciência da Computação)",
  address =      "Caxias do Sul, RS",
  OPTmonth =     "",
  OPTnote =      "",
  OPTannote =    ""
}

@misc{MySQL:www-05,
	author = "{MySQL AB}",
	title = "{MySQL}",
	note = "Disponível em: $<$http://www.mysql.com$>$. Acesso em: setembro~2005",
	year = 2005,
}

@misc{w3c:www-05,
	author = "{W3C}",
	title = "{E}xtensible {M}arkup {L}anguage",
	note = "Disponível em: $<$http://www.w3.org/XML/$>$. Acesso em: novembro~2005",
	year = 2005,
}

@misc{boinc:www-05,
	author = "{University of California}",
	title = "{B}erkeley {O}pen {I}nfrastructure for {N}etwork {C}omputing",
	note = "Disponível em: $<$http://boinc.berkeley.edu/$>$. Acesso em: novembro~2005",
	year = 2005,
}

@misc{ funase-research,
  author = "Arao Funase and Allan K. Barros and Shigeru Okuma and Tohru Yagi and Andrzej
    Cichocki",
  title = "Research of Saccade-Related EEG: Comparison of Ensemble Averaging Method
    and Independent Component Analysis",
  url = "citeseer.ifi.unizh.ch/funase03research.html" }
  
@misc{ and-realtime,
  author = "Malina Folkers And",
  title = "Real-time EEG processing based on Wavelet Transformation",
  url = "citeseer.ifi.unizh.ch/602717.html" }

@misc{ flexer00monitoring,
  author = "A. Flexer and H. Bauer",
  title = "Monitoring human information processing via intelligent data analysis of
    EEG recordings",
  text = "Flexer A., Bauer H.: Monitoring human information processing via intelligent
    data analysis of EEG recordings, to appear in: Intelligent Data Analysis,
    Volume 4(2), 2000.",
  year = "2000",
  url = "citeseer.ifi.unizh.ch/flexer00monitoring.html" }

@misc{ oropesa-sleep,
  author = "Edgar Oropesa and Hans L. Cycon and Marc Jobert",
  title = "{S}leep {S}tage {C}lassification {U}sing {W}avelet {T}ransform and {N}eural {N}etwork",
  year = "1999",
  note = "Disponível em: $<$citeseer.ifi.unizh.ch/oropesa99sleep.html$>$. Acesso em: setembro~2005",
}

@misc{ Polikar:1995,
  author = "Robi Polikar",
  title = "{T}he {W}avelet {T}utorial",
  year = "1995", 
  note = "Disponível em: $<$http://users.rowan.edu/~polikar/WAVELETS/WTtutorial.html$>$. Acesso em: setembro~2005",
}
  
