% BIBLIOGRAFIA
% Para o título ficar em letra maiusculas é necessário a letra estar entre {}

% --- ARTIGOS ---
@article{Barabasi:a04,
    author = "Albert-László Barabasi and Zoltán N. Oltvai",
    title = "Network biology: understanding the cell's functional organization",
    journal = "Nature Reviews Genetics",
    volume = "5",
    number = "",
    year = "2004",
    pages = "101-113",
    editor = "",
    publisher = "",
    address = "doi:10.1038/nrg1272",
    www = "",
}

@article{Bebek:a07,
    author = "Gurkan Bebek and Jiong Yang",
    title = "PathFinder: mining signal transduction pathway segments from protein-protein interaction networks",
    journal = "BMC Bioinformatics",
    volume = "8",
    number = "335",
    year = "2007",
    pages = "",
    editor = "",
    publisher = "",
    address = "doi:10.1186/1471-2105-8-335",
    www = "",
}

@article{Bhalla:a03,
    author = "Upinder S. Bhalla",
    title = "Understanding complex signaling networks through models and metaphors",
    journal = "Progress in Biophysics and Molecular Biology",
    volume = "81",
    number = "",
    year = "2003",
    pages = "45-65",
    editor = "",
    publisher = "",
    address = "doi:10.1016/S0079-6107(02)00046-9",
    www = "",
}

@article{Eyre:a06,
    author = "Tina A. Eyre and Fabrice Ducluzeau and Tam P. Sneddon and Sue Povey and Elspeth A. Bruford and Michael J. Lush",
    title = "The {HUGO} {G}ene {N}omenclature {D}atabase, 2006 updates",
    journal = "Nucleic Acids Research",
    volume = "34",
    number = "",
    year = "2006",
    pages = "",
    editor = "",
    publisher = "",
    address = "doi:10.1093/nar/gkj147",
    www = "",
}

@article{Fundel:a06,
    author = "Katrin Fundel and Ralf Zimmer",
    title = "Gene and protein nomenclature in public databases",
    journal = "BMC Bioinformatics",
    volume = "7",
    number = "372",
    year = "2006",
    pages = "",
    editor = "",
    publisher = "",
    address = "doi:10.1186/1471-2105-7-372",
    www = "",
}

@article{Malley:a05,
    author = "Maureen A. O'Malley and John Dupre",
    title = "Fundamental issues in systems biology",
    journal = "BioEssay",
    volume = "27",
    number = "12",
    year = "2005",
    pages = "1270-1276",
    editor = "",
    publisher = "",
    address = "",
    www = "",
}

@article{Povey:a01,
    author = "Sue Povey and Ruth Lovering and Elspeth Bruford and Mathew Wright and Michael Lush and Hester Wain",
    title = "The {HUGO} {G}ene {N}omenclature {C}ommittee ({HGNC})",
    journal = "Human Genetics",
    volume = "109",
    number = "6",
    year = "2001",
    pages = "678-680",
    editor = "",
    publisher = "",
    address = "doi:10.1007/s00439-001-0615-0",
    www = "",
}

@article{Siegal:a07,
    author = "Mark L. Siegal and Daniel E. L. Promislow and Aviv Bergman",
    title = "Functional and evolutionary inference in gene networks: does topology matter?",
    journal = "Genetica",
    volume = "129",
    number = "1",
    year = "2007",
    pages = "83-103",
    editor = "",
    publisher = "",
    address = "doi:10.1007/s10709-006-0035-0",
    www = "",
}

@article{Splendore:a05,
    author = "Alessandra Splendore",
    title = "Para que existem as regras de nomenclatura genética?",
    journal = "Revista Brasileira de Hematologia e Hemoterapia",
    volume = "27",
    number = "2",
    year = "2005",
    pages = "148-152",
    editor = "",
    publisher = "",
    address = "doi:10.1590/S1516-84842005000200020",
    www = "",
}

@article{Wain:a02,
    author = "Hester M. Wain and Elspeth A. Bruford and Ruth C. Lovering and Michael J. Lush and Mathew W. Wright and Sue Povey",
    title = "Guidelines for {H}uman {G}ene {N}omenclature",
    journal = "Genomics",
    volume = "79",
    number = "4",
    year = "2002",
    pages = "464-470",
    editor = "",
    publisher = "",
    address = "doi:10.1006/geno.2002.6748   ",
    www = "",
}

@article{Wain:a02-2,
    author = "Hester M. Wain and Michael Lush and Fabrice Ducluzeau and Sue Povey",
    title = "Genew: the {H}uman {G}ene {N}omenclature {D}atabase",
    journal = "Nucleic Acids Research",
    volume = "30",
    number = "1",
    year = "2002",
    pages = "",
    editor = "",
    publisher = "",
    address = "",
    www = "",
}

@article{Wain:a04,
    author = "Hester M. Wain and Michael J. Lush and Fabrice Ducluzeau and Varsha K. Khodiyar and Sue Povey",
    title = "Genew: the {H}uman {G}ene {N}omenclature {D}atabase, 2004 updates",
    journal = "Nucleic Acids Research",
    volume = "32",
    number = "",
    year = "2004",
    pages = "",
    editor = "",
    publisher = "",
    address = "",
    www = "",
}

% --- LIVROS ---
@book{Furaste:l07,
	author = "Pedro Augusto Furaste",
	title = "Normas {T}écnicas para o {T}rabalho {C}ientífico: {E}laboração e {F}ormatação",
	edition = "14",
	address = "Porto Alegre",
	publisher = "",
	year = "2007",
}

@book{Berg:l04,
	author = "Jeremy M. Berg and John L. Tymoczko and Lubert Stryer",
	title = "Bioquímica",
	edition = "5",
	address = "Rio de Janeiro",
	publisher = "Guanabara Koogan",
	year = "2004",
}

@book{Champe:l06,
	author = "Pamela C. Champe and Richard A. Harvey and Denise R. Ferrier",
	title = "Bioquímica Ilustrada",
	edition = "3",
	address = "Porto Alegre",
	publisher = "Artmed",
	year = "2006",
}

@book{Fowler:l06,
	author = "Martin Fowler",
	title = "Padrões de arquitetura de aplicações corporativas",
	edition = "",
	address = "Porto Alegre",
	publisher = "Bookman",
	year = "2006",
}

@book{Gibas:l01,
	author = "Cynthia Gibas and Per Jambeck",
	title = "Desenvolvendo bioinformática: ferramentas de software para aplicação em biologia",
	edition = "",
	address = "Rio de Janeiro",
	publisher = "Campus",
	year = "2001",
}

@book{Jargas:l08,
	author = "Aurélio Marinho Jargas",
	title = "Expressões regulares: uma abordagem divertida",
	edition = "2",
	address = "São Paulo",
	publisher = "Novatec Editora",
	year = "2008",
}

@book{Lesk:l08,
	author = "Arthur M. Lesk",
	title = "Introdução à {B}ioinformática",
	edition = "2",
	address = "Porto Alegre",
	publisher = "Artmed",
	year = "2008",
}

@book{Lewin:l01,
	author = "Benjamin Lewin",
	title = "Genes {VII}",
	edition = "",
	address = "Porto Alegre",
	publisher = "Artmed",
	year = "2001",
}

@book{Lewis:l00,
	author = "Harry R. Lewis and Christos H. Papadimitriou",
	title = "Elementos de teoria da computação",
	edition = "2",
	address = "Porto Alegre",
	publisher = "Bookman",
	year = "2000",
}

@book{Motta:l05,
	author = "Valter Teixeira da Motta",
	title = "Bioquímica",
	edition = "",
	address = "Caxias do Sul",
	publisher = "Educs",
	year = "2005",
}

@book{Nelson:l06,
	author = "David L. Nelson and Michael M. Cox",
	title = "Lehninger {P}rincípios de {B}ioquímica",
	edition = "4",
	address = "São Paulo",
	publisher = "Sarvier",
	year = "2006",
}

@book{Junior:l03,
	author = "César da S. Junior and Sezar Sasson",
	title = "Biologia",
	edition = "3",
	address = "São Paulo",
	publisher = "Saraiva",
	year = "2003",
}

@book{Sommerville:l07,
	author = "Ian Sommerville",
	title = "Engenharia de {S}oftware",
	edition = "8",
	address = "São Paulo",
	publisher = "Pearson Addison-Wesley",
	year = "2007",
}

@book{Zaha:l01,
	author = "Arnaldo Zaha",
	title = "Biologia molecular básica",
	edition = "3",
	address = "Porto Alegre",
	publisher = "Mercado Aberto",
	year = "2001",
}

% --- MONOGRAFIAS ---
@MastersThesis{Digiampietri:m07,
	author = "Luciano A. Digiampietri",
	title = "Gerenciamento de workflows científicos em bioinformática",
	year = "2007",
	type = "Tese (Doutorado em Ciências da Computação)",
	school = "UNICAMP (Campinas)",
}

@MastersThesis{Ferro:m08,
	author = "Milene Ferro",
	title = "Desenvolvimento e validação de protocolos para a anotação automática de seqüências {ORESTES} de Eimeria spp. de galinha doméstica",
	year = "2008",
	type = "Dissertação - Mestrado (Programa de Pós Graduação em Biologia da Relação Patógeno-Hospedeiro III)",
	school = "Universidade de São Paulo",
}

@MastersThesis{Mattos:m08,
	author = "Amanda Mattos and Fabio Coutinho da Silva and Nicolaas Ruberg and Sérgio Manuel Serra da Cruz",
	title = "Gerência de {W}orkflows {C}ientíficos: {U}ma {A}nálise {C}rítica no {C}ontexto da {B}ioinformática",
	year = "2008",
	type = "Dissertação - Mestrado (Programa de Engenharia de Sistemas de Computação)",
	school = "Universidade Federal do Rio de Janeiro",
}

@MastersThesis{Paris:m08,
	author = "Renata de Paris",
	title = "Desenvolvimento de workflow científico para bioinformática",
	year = "2008",
	type = "Trabalho de Conclusão de Curso (Bacharelado em Ciência da Computação)",
	school = "Universidade de Caxias do Sul",
}

@MastersThesis{Silva:m06,
	author = "Fabrício N. Silva",
	title = "In {S}ervices: {U}m sistema para gerenciamento de dados intermediários em workflows científicos na bioinformática",
	year = "2006",
	type = "Dissertação (Mestrado em Sistemas e Computação)",
	school = "Instituto Militar de Engenharia (Rio de Janeiro)",
}

% --- SITES ---
@misc{HGNC:09,
	author = "{HGNC}",
	title = "{HGNC} {G}ene {F}amilies/{G}rouping {N}omenclature",
	note = "Disponível em: $<$http://www.genenames.org/genefamily.html$>$. Acesso em: outubro de 2009",
	year = 2009,
}

@misc{Wain:09,
	author = "Hester M. Wain and Elspeth A. Bruford and Ruth C. Lovering and Michael J. Lush and Mathew W. Wright and Sue Povey",
	title = "Guidelines for {H}uman {G}ene {N}omenclature",
	note = "Disponível em: $<$http://www.genenames.org/guidelines.html$>$. Acesso em: outubro de 2009",
	year = 2009,
}